<record><leader>00000cas a22000007a 4500</leader><controlfield tag="001">9486075</controlfield><controlfield tag="008">830506d1830184unyuwr ne      0    0eng d</controlfield><datafield ind1=" " ind2=" " tag="010"><subfield code="a">sn 83030392 </subfield></datafield><datafield ind1=" " ind2=" " tag="040"><subfield code="a">NPU</subfield><subfield code="b">eng</subfield><subfield code="c">NPU</subfield><subfield code="d">NPX</subfield><subfield code="d">NYS</subfield><subfield code="d">DLC</subfield><subfield code="d">ANU</subfield><subfield code="d">KNP</subfield><subfield code="d">YOX</subfield><subfield code="d">CNW</subfield><subfield code="d">CNK</subfield><subfield code="d">NVF</subfield><subfield code="d">OCL</subfield><subfield code="d">GUA</subfield><subfield code="d">BUF</subfield><subfield code="d">KRTAS</subfield><subfield code="d">WIH</subfield><subfield code="d">CUS</subfield><subfield code="d">OCLCF</subfield><subfield code="d">OCLCO</subfield></datafield><datafield ind1="1" ind2=" " tag="029"><subfield code="a">AU@</subfield><subfield code="b">000020126371</subfield></datafield><datafield ind1=" " ind2=" " tag="042"><subfield code="a">msc</subfield></datafield><datafield ind1="1" ind2="4" tag="050"><subfield code="a">AN256</subfield><subfield code="b">.D43</subfield></datafield><datafield ind1=" " ind2="4" tag="050"><subfield code="a">HD8085.N5</subfield></datafield><datafield ind1="0" ind2=" " tag="130"><subfield code="a">Working man's advocate (New York, N.Y. : 1830)</subfield></datafield><datafield ind1="0" ind2="0" tag="245"><subfield code="a">Working man's advocate.</subfield></datafield><datafield ind1=" " ind2=" " tag="260"><subfield code="a">New York [N.Y.] :</subfield><subfield code="b">Lynde, Stanley &amp; Co.,</subfield></datafield><datafield ind1=" " ind2=" " tag="300"><subfield code="a">v.</subfield></datafield><datafield ind1=" " ind2=" " tag="310"><subfield code="a">Weekly</subfield></datafield><datafield ind1="0" ind2=" " tag="362"><subfield code="a">Vol. 2, no. 1 (Aug. 21, 1830)-</subfield></datafield><datafield ind1=" " ind2=" " tag="500"><subfield code="a">Publishers: Lynde, Stanley &amp; Co., 1830-    ; Assn. of Working Men, &lt;1831&gt;; George H. Evans &amp; William J. Stanley, 1832; George H. Evans, 1832-1836.</subfield></datafield><datafield ind1=" " ind2=" " tag="500"><subfield code="a">Published simultaneously at Rahway, N.J. and in New York City, &lt;Aug. 29, 1835&gt;.</subfield></datafield><datafield ind1=" " ind2=" " tag="500"><subfield code="a">"Labor."</subfield></datafield><datafield ind1=" " ind2=" " tag="530"><subfield code="a">Also available on microfilm and online.</subfield></datafield><datafield ind1=" " ind2=" " tag="580"><subfield code="a">Daily eds.: New York daily sentinel (New York, N.Y. : 1830 : Daily), 1830-&lt;1833&gt;, and: Man (New York, N.Y. : 1834), 1834-1835.</subfield></datafield><datafield ind1=" " ind2=" " tag="580"><subfield code="a">Triweekly ed.: New-York daily sentinel (New York, N.Y. : 1829 : Triweekly), &lt;1831&gt;.</subfield></datafield><datafield ind1=" " ind2="0" tag="651"><subfield code="a">New York (N.Y.)</subfield><subfield code="v">Newspapers.</subfield></datafield><datafield ind1=" " ind2="0" tag="651"><subfield code="a">Rahway (N.J.)</subfield><subfield code="v">Newspapers.</subfield></datafield><datafield ind1=" " ind2="7" tag="655"><subfield code="a">Newspapers.</subfield><subfield code="2">fast</subfield><subfield code="0">(OCoLC)fst01423814</subfield></datafield><datafield ind1=" " ind2="7" tag="651"><subfield code="a">New Jersey</subfield><subfield code="z">Rahway.</subfield><subfield code="2">fast</subfield><subfield code="0">(OCoLC)fst01211894</subfield></datafield><datafield ind1=" " ind2="7" tag="651"><subfield code="a">New York (State)</subfield><subfield code="z">New York.</subfield><subfield code="2">fast</subfield><subfield code="0">(OCoLC)fst01204333</subfield></datafield><datafield ind1=" " ind2=" " tag="752"><subfield code="a">United States</subfield><subfield code="b">New York</subfield><subfield code="c">New York</subfield><subfield code="d">New York.</subfield></datafield><datafield ind1="1" ind2=" " tag="775"><subfield code="t">New York daily sentinel (New York, N.Y. : 1830 : Daily)</subfield><subfield code="w">(DLC)sn 84024319</subfield><subfield code="w">(OCoLC)2264960</subfield></datafield><datafield ind1="1" ind2=" " tag="775"><subfield code="t">Man (New York, N.Y. : 1834)</subfield><subfield code="w">(DLC)sn 83030405</subfield><subfield code="w">(OCoLC)1756571</subfield></datafield><datafield ind1="1" ind2=" " tag="775"><subfield code="t">New-York daily sentinel (New York, N.Y. : 1829 : Triweekly)</subfield><subfield code="w">(DLC)sn 86071218</subfield><subfield code="w">(OCoLC)13305619</subfield></datafield><datafield ind1="1" ind2=" " tag="776"><subfield code="t">Working man's advocate (New York, N.Y. : 1830 : Online)</subfield><subfield code="w">(DLC)  2004255608</subfield><subfield code="w">(OCoLC)57342861</subfield></datafield><datafield ind1="0" ind2="0" tag="780"><subfield code="t">New-York sentinel, and working man's advocate</subfield><subfield code="w">(DLC)sn 83030391</subfield><subfield code="w">(OCoLC)9485881</subfield></datafield><datafield ind1="0" ind2="0" tag="785"><subfield code="t">Radical, in continuation of the Working man's advocate</subfield><subfield code="w">(DLC)sn 93062958</subfield><subfield code="w">(OCoLC)28392280</subfield></datafield><datafield ind1="4" ind2="1" tag="856"><subfield code="u">http://proquest.umi.com/pqdweb</subfield></datafield><datafield ind1=" " ind2=" " tag="938"><subfield code="a">Kirtas Technologies, Inc.</subfield><subfield code="b">KRTS</subfield><subfield code="n">736634</subfield></datafield></record>